@book{Lynch_Park_2017,
title = "Modern Robotics: Mechanics, Planning, and Control",
author = "Lynch, {Kevin M} and Park, {Frank C.}",
year = "2017",
language = "English (US)",
isbn = "978-1107156302",
publisher = "Cambridge Univeristy Press",
}